<?xml version="1.0" encoding="UTF-8"?><collection xmlns="http://www.loc.gov/MARC21/slim"><record><leader>00412nam--2200157-i-4500</leader><controlfield tag="001">000009231</controlfield><controlfield tag="002">20161230</controlfield><controlfield tag="005">20170112230624</controlfield><controlfield tag="008">060222s1000------------r-----000-0-eng-d</controlfield><datafield ind1=" " ind2=" " tag="100"><subfield code="a">Takahashi, Yasundo</subfield></datafield><datafield ind1=" " ind2=" " tag="245"><subfield code="a">Control and dynamic systems</subfield></datafield><datafield ind1=" " ind2=" " tag="260"><subfield code="a">Reading, Mass</subfield><subfield code="b">Addison Wesley Publ. Co</subfield><subfield code="c">1970</subfield></datafield><datafield ind1=" " ind2=" " tag="300"><subfield code="a">XIV + 800 p</subfield></datafield><datafield ind1=" " ind2=" " tag="700"><subfield code="a">Takahashi, Yasundo</subfield></datafield><datafield ind1=" " ind2=" " tag="852"><subfield code="a">32816</subfield></datafield><datafield ind1=" " ind2=" " tag="CAT"><subfield code="a">SYS</subfield><subfield code="c">20170112</subfield><subfield code="h">230624</subfield></datafield></record></collection>